<record><leader>00000cas a22000007a 4500</leader><controlfield tag="001">19910645</controlfield><controlfield tag="008">890622d19081908arudn ne      0    0eng d</controlfield><datafield ind1=" " ind2=" " tag="010"><subfield code="a">sn 89051256 </subfield></datafield><datafield ind1=" " ind2=" " tag="040"><subfield code="a">ANU</subfield><subfield code="b">eng</subfield><subfield code="c">ANU</subfield><subfield code="d">OCLCQ</subfield><subfield code="d">OCLCF</subfield><subfield code="d">OCLCO</subfield></datafield><datafield ind1=" " ind2=" " tag="042"><subfield code="a">msc</subfield></datafield><datafield ind1=" " ind2=" " tag="043"><subfield code="a">n-us-ar</subfield></datafield><datafield ind1="0" ind2=" " tag="130"><subfield code="a">Daily picayune (Prescott, Ark. : 1908)</subfield></datafield><datafield ind1="1" ind2="0" tag="245"><subfield code="a">Daily picayune.</subfield></datafield><datafield ind1=" " ind2=" " tag="260"><subfield code="a">Prescott, Ark. :</subfield><subfield code="b">C.B. Andrews</subfield></datafield><datafield ind1=" " ind2=" " tag="300"><subfield code="a">v.</subfield></datafield><datafield ind1=" " ind2=" " tag="310"><subfield code="a">Daily (except Sunday)</subfield></datafield><datafield ind1="0" ind2=" " tag="362"><subfield code="a">Vol. 1, no. 67 (Apr. 6, 1908)-v. 1, no. 242 (Nov. 21, 1908).</subfield></datafield><datafield ind1=" " ind2=" " tag="580"><subfield code="a">Continues: Dinner horn (Prescott, Ark.) (non-extant).</subfield></datafield><datafield ind1=" " ind2="0" tag="651"><subfield code="a">Prescott (Ark.)</subfield><subfield code="v">Newspapers.</subfield></datafield><datafield ind1=" " ind2="7" tag="655"><subfield code="a">Newspapers.</subfield><subfield code="2">fast</subfield><subfield code="0">(OCoLC)fst01423814</subfield></datafield><datafield ind1=" " ind2="7" tag="651"><subfield code="a">Arkansas</subfield><subfield code="z">Prescott.</subfield><subfield code="2">fast</subfield><subfield code="0">(OCoLC)fst01216727</subfield></datafield><datafield ind1=" " ind2=" " tag="752"><subfield code="a">United States</subfield><subfield code="b">Arkansas</subfield><subfield code="c">Nevada</subfield><subfield code="d">Prescott.</subfield></datafield><datafield ind1="0" ind2=" " tag="775"><subfield code="t">Nevada County picayune (Prescott, Ark. : 1906)</subfield><subfield code="w">(DLC)sn 90050306</subfield></datafield><datafield ind1="1" ind2="0" tag="780"><subfield code="t">Dinner horn (Prescott, Ark.)</subfield></datafield></record>